@MISC{RPOI2003,
 AUTHOR = {{Bundesministerium für Bildung und Forschung, Baden-Württemberg}},
 TITLE  = {Realschullehrerprüfungsordnung I - RPO I},
 url    = {http://www.landesrecht-bw.de/},
 YEAR   = {2003}
 }
